
@manual{allaireRmarkdownDynamicDocuments2021a,
  type = {Manual},
  title = {Rmarkdown: {{Dynamic}} Documents for r},
  author = {Allaire, JJ and Xie, Yihui and McPherson, Jonathan and Luraschi, Javier and Ushey, Kevin and Atkins, Aron and Wickham, Hadley and Cheng, Joe and Chang, Winston and Iannone, Richard},
  year = {2021}
}

@manual{chenVennDiagramGenerateHighresolution2021,
  type = {Manual},
  title = {{{VennDiagram}}: {{Generate}} High-Resolution Venn and Euler Plots},
  author = {Chen, Hanbo},
  year = {2021}
}

@manual{dahlXtableExportTables2019a,
  type = {Manual},
  title = {Xtable: {{Export}} Tables to {{LaTeX}} or {{HTML}}},
  author = {Dahl, David B. and Scott, David and Roosen, Charles and Magnusson, Arni and Swinton, Jonathan},
  year = {2019}
}

@manual{firkeJanitorSimpleTools2021a,
  type = {Manual},
  title = {Janitor: {{Simple}} Tools for Examining and Cleaning Dirty Data},
  author = {Firke, Sam},
  year = {2021}
}

@manual{ginnQualtRicsDownloadQualtrics2021b,
  type = {Manual},
  title = {{{qualtRics}}: {{Download}} 'qualtrics' Survey Data},
  author = {Ginn, Jasper and Silge, Julia},
  year = {2021}
}

@article{grolemundDatesTimesMade2011,
  title = {Dates and Times Made Easy with Lubridate},
  author = {Grolemund, Garrett and Wickham, Hadley},
  year = {2011},
  journal = {Journal of Statistical Software},
  volume = {40},
  number = {3},
  pages = {1--25}
}

@manual{henryPurrrFunctionalProgramming2020a,
  type = {Manual},
  title = {Purrr: {{Functional}} Programming Tools},
  author = {Henry, Lionel and Wickham, Hadley},
  year = {2020}
}

@manual{henryTidyselectSelectSet2021a,
  type = {Manual},
  title = {Tidyselect: {{Select}} from a Set of Strings},
  author = {Henry, Lionel and Wickham, Hadley},
  year = {2021}
}

@manual{hesterFsCrossplatformFile2021a,
  type = {Manual},
  title = {Fs: {{Cross-platform}} File System Operations Based on 'Libuv'},
  author = {Hester, Jim and Wickham, Hadley and Cs{\'a}rdi, G{\'a}bor},
  year = {2021}
}

@manual{hesterGlueInterpretedString2021a,
  type = {Manual},
  title = {Glue: {{Interpreted}} String Literals},
  author = {Hester, Jim and Bryan, Jennifer},
  year = {2021}
}

@manual{mullerHereSimplerWay2020a,
  type = {Manual},
  title = {Here: {{A}} Simpler Way to Find Your Files},
  author = {M{\"u}ller, Kirill},
  year = {2020}
}

@manual{mullerTibbleSimpleData2021a,
  type = {Manual},
  title = {Tibble: {{Simple}} Data Frames},
  author = {M{\"u}ller, Kirill and Wickham, Hadley},
  year = {2021}
}

@article{oomsJsonlitePackagePractical2014a,
  title = {The Jsonlite Package: {{A}} Practical and Consistent Mapping between {{JSON}} Data and r Objects},
  author = {Ooms, Jeroen},
  year = {2014},
  journal = {arXiv:1403.2805 [stat.CO]},
  eprint = {1403.2805},
  eprinttype = {arxiv},
  primaryclass = {stat.CO},
  archiveprefix = {arXiv}
}

@manual{oomsWritexlExportData2021a,
  type = {Manual},
  title = {Writexl: {{Export}} Data Frames to Excel 'xlsx' Format},
  author = {Ooms, Jeroen},
  year = {2021}
}

@manual{wickhamDplyrGrammarData2021a,
  type = {Manual},
  title = {Dplyr: {{A}} Grammar of Data Manipulation},
  author = {Wickham, Hadley and Fran{\c c}ois, Romain and Henry, Lionel and M{\"u}ller, Kirill},
  year = {2021}
}

@book{wickhamGgplot2ElegantGraphics2016a,
  title = {Ggplot2: {{Elegant}} Graphics for Data Analysis},
  author = {Wickham, Hadley},
  year = {2016},
  publisher = {{Springer-Verlag New York}},
  isbn = {978-3-319-24277-4}
}

@manual{wickhamReadrReadRectangular2021a,
  type = {Manual},
  title = {Readr: {{Read}} Rectangular Text Data},
  author = {Wickham, Hadley and Hester, Jim and Bryan, Jennifer},
  year = {2021}
}

@manual{wickhamReadxlReadExcel2019,
  type = {Manual},
  title = {Readxl: {{Read}} Excel Files},
  author = {Wickham, Hadley and Bryan, Jennifer},
  year = {2019}
}

@manual{wickhamRvestEasilyHarvest2021a,
  type = {Manual},
  title = {Rvest: {{Easily}} Harvest (Scrape) Web Pages},
  author = {Wickham, Hadley},
  year = {2021}
}

@manual{wickhamStringrSimpleConsistent2019a,
  type = {Manual},
  title = {Stringr: {{Simple}}, Consistent Wrappers for Common String Operations},
  author = {Wickham, Hadley},
  year = {2019}
}

@manual{wickhamTidyrTidyMessy2021a,
  type = {Manual},
  title = {Tidyr: {{Tidy}} Messy Data},
  author = {Wickham, Hadley},
  year = {2021}
}

@article{wickhamWelcomeTidyverse2019a,
  title = {Welcome to the Tidyverse},
  author = {Wickham, Hadley and Averick, Mara and Bryan, Jennifer and Chang, Winston and McGowan, Lucy D'Agostino and Fran{\c c}ois, Romain and Grolemund, Garrett and Hayes, Alex and Henry, Lionel and Hester, Jim and Kuhn, Max and Pedersen, Thomas Lin and Miller, Evan and Bache, Stephan Milton and M{\"u}ller, Kirill and Ooms, Jeroen and Robinson, David and Seidel, Dana Paige and Spinu, Vitalie and Takahashi, Kohske and Vaughan, Davis and Wilke, Claus and Woo, Kara and Yutani, Hiroaki},
  year = {2019},
  journal = {Journal of Open Source Software},
  volume = {4},
  number = {43},
  pages = {1686},
  doi = {10.21105/joss.01686}
}

@book{xieDynamicDocumentsKnitr2015a,
  title = {Dynamic Documents with {{R}} and Knitr},
  author = {Xie, Yihui},
  year = {2015},
  edition = {Second},
  publisher = {{Chapman and Hall/CRC}},
  address = {{Boca Raton, Florida}}
}

@incollection{xieKnitrComprehensiveTool2014a,
  title = {Knitr: {{A}} Comprehensive Tool for Reproducible Research in {{R}}},
  booktitle = {Implementing Reproducible Computational Research},
  author = {Xie, Yihui},
  editor = {Stodden, Victoria and Leisch, Friedrich and Peng, Roger D.},
  year = {2014},
  publisher = {{Chapman and Hall/CRC}}
}

@manual{xieKnitrGeneralpurposePackage2021a,
  type = {Manual},
  title = {Knitr: {{A}} General-Purpose Package for Dynamic Report Generation in r},
  author = {Xie, Yihui},
  year = {2021}
}

@book{xieMarkdownCookbook2020a,
  title = {R Markdown Cookbook},
  author = {Xie, Yihui and Dervieux, Christophe and Riederer, Emily},
  year = {2020},
  publisher = {{Chapman and Hall/CRC}},
  address = {{Boca Raton, Florida}}
}

@book{xieMarkdownDefinitiveGuide2018a,
  title = {R Markdown: {{The}} Definitive Guide},
  author = {Xie, Yihui and Allaire, J.J. and Grolemund, Garrett},
  year = {2018},
  publisher = {{Chapman and Hall/CRC}},
  address = {{Boca Raton, Florida}}
}


